

@ARTICLE{moses,
   author = {{Fox}, J.~L. and {Kankelborg}, C.~C. and {Thomas}, R.~J.},
    title = "{A Transition Region Explosive Event Observed in He II with the MOSES Sounding Rocket}",
  journal = {American Physical Journal},
 keywords = {instrumentation: spectrographs, space vehicles: instruments, Sun: transition region, Sun: UV radiation, techniques: imaging spectroscopy},
     year = 2010,
    month = aug,
   volume = 719,
    pages = {1132-1143},
      doi = {10.1088/0004-637X/719/2/1132},
   note = "\url{http://adsabs.harvard.edu/abs/2010ApJ...719.1132F}",
  adsnote = {Provided by the SAO/NASA Astrophysics Data System}
}
@ARTICLE{hans,
   author = {{Courrier}, H.~T. and {Kankelborg}, C.~C.},
    title = "{Using local correlation tracking to solar spectral information from a slitless spectrograph}",
booktitle = {Image and Signal Processing for Remote Sensing XXI},
     year = 2015,
   series = {\procspie},
   volume = 9643,
    month = oct,
      eid = {96431Z},
    pages = {96431Z},
      doi = {10.1117/12.2194607},
   adsurl = {http://adsabs.harvard.edu/abs/2015SPIE.9643E..1ZC},
  adsnote = {Provided by the SAO/NASA Astrophysics Data System}
}

@ARTICLE{shane,
   author = {{Atwood}, S. and {Kankelborg}, C.},
    title = "{A PSF equalization technique for the Multi-Order Solar Extreme-ultraviolet Spectrograph (MOSES)}",
booktitle = {Image and Signal Processing for Remote Sensing XXI},
     year = 2015,
   series = {\procspie},
   volume = 9643,
    month = oct,
      eid = {96431R},
    pages = {96431R},
      doi = {10.1117/12.2194357},
   adsurl = {http://adsabs.harvard.edu/abs/2015SPIE.9643E..1RA},
  adsnote = {Provided by the SAO/NASA Astrophysics Data System}
}

@ARTICLE{2010ApJ...719.1132F,
   author = {{Fox}, J.~L. and {Kankelborg}, C.~C. and {Thomas}, R.~J.},
    title = "{A Transition Region Explosive Event Observed in He II with the MOSES Sounding Rocket}",
  journal = {American Physical Journal},
 keywords = {instrumentation: spectrographs, space vehicles: instruments, Sun: transition region, Sun: UV radiation, techniques: imaging spectroscopy},
     year = 2010,
    month = aug,
   volume = 719,
    pages = {1132-1143},
      doi = {10.1088/0004-637X/719/2/1132},
   note = "\url{http://adsabs.harvard.edu/abs/2010ApJ...719.1132F}",
  adsnote = {Provided by the SAO/NASA Astrophysics Data System}
}

@ARTICLE{inversion,
   author = {{Fox}, J.~L. and {Kankelborg}, C.~C. and {Metcalf}, T.~R.},
    title = "{Data inversion for the Multi-Order Solar Extreme-Ultraviolet Spectrograph}",
booktitle = {Optical Spectroscopic Techniques and Instrumentation for Atmospheric and Space Research V},
     year = 2003,
   series = {\procspie},
   volume = 5157,
   editor = {{Larar}, A.~M. and {Shaw}, J.~A. and {Sun}, Z.},
    month = nov,
    pages = {124-132},
      doi = {10.1117/12.512032},
   note = "\url{http://adsabs.harvard.edu/abs/2003SPIE.5157..124F}",
  adsnote = {Provided by the SAO/NASA Astrophysics Data System}
}

@ARTICLE{smart,
   author = {{Rust}, T. and {Fox}, L. and {Kankelborg}, C. and {Courrier}, H. and 
	{Plovanic}, J.},
    title = "{MOSES Inversions using Multiresolution SMART}",
booktitle = {American Astronomical Society Meeting Abstracts \#224},
     year = 2014,
   series = {American Astronomical Society Meeting Abstracts},
   volume = 224,
    month = jun,
      eid = {414.06},
    pages = {414.06},
   note = "\url{http://adsabs.harvard.edu/abs/2014AAS...22441406R}",
  adsnote = {Provided by the SAO/NASA Astrophysics Data System}
}

@ARTICLE{tom,
	author = {{Rust}, T. and {Kankelborg}, C},
	title = "Imaging Spectroscopy with MOSES Sounding Rocket Data",
	journal = "SPD",
	year = "2015",
},
@incollection{imagenet,
title = {ImageNet Classification with Deep Convolutional Neural Networks},
author = {Alex Krizhevsky and Sutskever, Ilya and Geoffrey E. Hinton},
booktitle = {Advances in Neural Information Processing Systems 25},
editor = {F. Pereira and C. J. C. Burges and L. Bottou and K. Q. Weinberger},
pages = {1097--1105},
year = {2012},
publisher = {Curran Associates, Inc.},
note = "\url{http://papers.nips.cc/paper/4824-imagenet-classification-with-deep-convolutional-neural-networks.pdf}"
}

@inproceedings{caffe,
 author = {Jia, Yangqing and Shelhamer, Evan and Donahue, Jeff and Karayev, Sergey and Long, Jonathan and Girshick, Ross and Guadarrama, Sergio and Darrell, Trevor},
 title = {Caffe: Convolutional Architecture for Fast Feature Embedding},
 booktitle = {Proceedings of the 22Nd ACM International Conference on Multimedia},
 series = {MM '14},
 year = {2014},
 isbn = {978-1-4503-3063-3},
 location = {Orlando, Florida, USA},
 pages = {675--678},
 numpages = {4},
 note = "\url{http://doi.acm.org/10.1145/2647868.2654889}",
 doi = {10.1145/2647868.2654889},
 acmid = {2654889},
 publisher = {ACM},
 address = {New York, NY, USA},
 keywords = {computer vision, machine learning, neural networks, open source, parallel computation},
}
@misc{nvidia,
title={Cuda C Programming Guide},
year={2015},
month={September},
organization={Nvidia},
howpublished={website},
note = "\url{http://docs.nvidia.com/cuda/cuda-c-programming-guide/}",
}
@misc{iris,
title={iris rast CII1336 OI1356 SiIV1403 MgIIk2796SJI 1400 Raster Position 0 20160129 0549 j},
year={2016},
month={January},
organization={Lockheed Martin Solar and Astrophysics Laboratory},
note = "\url{http://www.lmsal.com/solarsoft//irisa/data/level2/2016/01/29/20160129_054924_3664251603/www/raster/iris_rast_CII1336_OI1356_SiIV1403_MgIIk2796SJI_1400_Raster_Position_0_20160129_0549_j.html}",
}
